% This file was created with JabRef 2.11.
% Encoding: Cp1252


@Book{CS,
  Title                    = {Compressed Sensing: Theory and Application},
  Author                   = {Yonina C. Eldar, Gitta Kutyniok},
  Publisher                = {Cambridge University Presse, New York},
  Year                     = {2012}
}

@Book{FR,
  Title                    = {A Mathematical Introduction to Compressive Sensing},
  Author                   = {Simon Foucart , Hoger Rauhut},
  Publisher                = {Springer Science+Business Media New York},
  Year                     = {2013}
}

@Book{EEGsignalprocessing,
  Title                    = {EEG Signal Processing},
  Author                   = {Saeid Sanei, J.A. Chambers},
  Publisher                = {Johm Wiley and sons, Ltd},
  Year                     = {2007}
}

@mastersthesis{phd2015,
    author    = "Balkan, Ozgur Yigit",
    title     = "Support Recovery and Dictionary Learning for Uncorrelated EEG Sources",
    school    = "University of California, San Diego",
    type     = "Master thesis",
    year      = "2015",
    month    = "jan",
}

@article{fundamentalEEG,
author  = {M. Teplan},
title   = {Fundamentals of EEG},
year    = {2002},
journal = {Measurement science review },
volume  = {2},
section  = {2}
}

@article{Van2019,
author  = {Frederik Van de Steen, Luca Faes, Esin Karahan, Jitkomut Songsiri, Pedro A. Valdes-Sosa, Daniele Marinazzo1},
title   = {Critical Comments on EEG Sensor Space Dynamical Connectivity
Analysis},
year    = {2019},
journal = {Brain Topography},
volume  = {32},
page  = {643–654}
}

@article{Scott1996,
author  = {Scott Makeig, Tzyy-Ping Jung, Anthony J. Bell, Terrence J. Sejnowski},
title   = {Independent Component Analysis of Electroencephalographic Data},
year    = {1996},
journal = {Advances in neural information processing systems},
volume  = {8}
}

@article{Scott1997,
author  = {Scott Makeig, Tzyy-Ping Jung, Anthony J. Bell, Dara Ghahremani, Terrence J. Sejnowski},
title   = {Blind separation of auditory event-related brain responses intoindependent components},
year    = {1997},
journal = {Proc. Natl. Acad. Sci. USA},
volume  = {94},
page  = {10979–10984}
}
